<record><leader>00000cas a22000007a 4500</leader><controlfield tag="001">11407871</controlfield><controlfield tag="008">841120d18181820ohuwr ne      0    0eng d</controlfield><datafield ind1=" " ind2=" " tag="010"><subfield code="a">sn 84028766 </subfield></datafield><datafield ind1=" " ind2=" " tag="040"><subfield code="a">NPY</subfield><subfield code="b">eng</subfield><subfield code="c">NPY</subfield><subfield code="d">NPX</subfield><subfield code="d">KRTAS</subfield><subfield code="d">OCLCQ</subfield></datafield><datafield ind1=" " ind2=" " tag="042"><subfield code="a">msc</subfield></datafield><datafield ind1="0" ind2="0" tag="245"><subfield code="a">Cleaveland [sic] register.</subfield></datafield><datafield ind1=" " ind2=" " tag="260"><subfield code="a">Cleaveland, Ohio :</subfield><subfield code="b">A. Logan,</subfield><subfield code="c">1818-1820.</subfield></datafield><datafield ind1=" " ind2=" " tag="300"><subfield code="a">2 v. ;</subfield><subfield code="c">32-45 cm.</subfield></datafield><datafield ind1=" " ind2=" " tag="310"><subfield code="a">Weekly</subfield></datafield><datafield ind1="0" ind2=" " tag="362"><subfield code="a">Vol. 1, no. 10 (Oct. 6, 1818)-v. 2, no. 30 (Mar. 7, 1820).</subfield></datafield><datafield ind1=" " ind2=" " tag="500"><subfield code="a">Publishers: A. Logan, 1818-1819; Logan &amp; Hickcox, 1819-1820; C.V.J. Hickcox, 1820.</subfield></datafield><datafield ind1=" " ind2=" " tag="500"><subfield code="a">References: Shaw &amp; Shoemaker 43638; Brigham, C.S. Amer. newspapers, p. 797.</subfield></datafield><datafield ind1="1" ind2=" " tag="700"><subfield code="a">Logan, Andrew.</subfield></datafield><datafield ind1="1" ind2=" " tag="700"><subfield code="a">Hickcox, Charles V. J.</subfield></datafield><datafield ind1=" " ind2=" " tag="752"><subfield code="a">United States</subfield><subfield code="b">Ohio</subfield><subfield code="c">Cuyahoga</subfield><subfield code="d">Cleveland.</subfield></datafield><datafield ind1="0" ind2="0" tag="780"><subfield code="t">Cleaveland [sic] gazette, and commercial register</subfield><subfield code="w">(DLC)sn 84028765</subfield></datafield><datafield ind1=" " ind2=" " tag="938"><subfield code="a">Kirtas Technologies, Inc.</subfield><subfield code="b">KRTS</subfield><subfield code="n">738895</subfield></datafield><datafield ind1="1" ind2=" " tag="029"><subfield code="a">AU@</subfield><subfield code="b">000025798732</subfield></datafield></record>